@article{CressieEtAl2023,
  title = {Earth's {{CO}}{\textsubscript{2}} Battle: A View from Space},
  shorttitle = {Earth's {{CO2}} Battle},
  author = {Cressie, Noel and Zammit-Mangion, Andrew and Jacobson, Josh and Bertolacci, Michael},
  date = {2023-02-10},
  journaltitle = {Significance},
  volume = {20},
  number = {1},
  pages = {14--19},
  doi = {10.1093/jrssig/qmad003},
  url = {https://academic.oup.com/jrssig/article/20/1/14/7034191}
}
% == BibLateX quality report for CressieEtAl2023:
% ? unused ISSN ("1740-9705, 1740-9713")
% ? unused Language ("en")
% ? unused Library catalog ("DOI.org (Crossref)")

@article{JacobsonEtAl2020,
  title = {Beyond Univariate Calibration: Verifying Spatial Structure in Ensembles of Forecast Fields},
  shorttitle = {Beyond Univariate Calibration},
  author = {Jacobson, Josh and Kleiber, William and Scheuerer, Michael and Bellier, Joseph},
  date = {2020-08-31},
  journaltitle = {Nonlinear Processes in Geophysics},
  shortjournal = {Nonlin. Processes Geophys.},
  volume = {27},
  number = {3},
  pages = {411--427},
  doi = {10.5194/npg-27-411-2020},
  url = {https://npg.copernicus.org/articles/27/411/2020/}
}
% == BibLateX quality report for JacobsonEtAl2020:
% ? unused ISSN ("1607-7946")
% ? unused Language ("en")
% ? unused Library catalog ("DOI.org (Crossref)")

@article{JacobsonEtAl2023,
  title = {Spatial Statistical Prediction of Solar-Induced Chlorophyll Fluorescence ({{SIF}}) from Multivariate {{OCO-2}} Data},
  author = {Jacobson, Josh and Cressie, Noel and Zammit-Mangion, Andrew},
  date = {2023-08-15},
  journaltitle = {Remote Sensing},
  shortjournal = {Remote Sensing},
  volume = {15},
  number = {16},
  pages = {4038},
  doi = {10.3390/rs15164038},
  url = {https://www.mdpi.com/2072-4292/15/16/4038}
}
% == BibLateX quality report for JacobsonEtAl2023:
% ? unused ISSN ("2072-4292")
% ? unused Language ("en")
% ? unused Library catalog ("DOI.org (Crossref)")
